<?xml version="1.0" encoding="UTF-8"?><collection xmlns="http://www.loc.gov/MARC21/slim"><record><leader>00404nam--2200133-i-4500</leader><controlfield tag="001">000009586</controlfield><controlfield tag="002">20161230</controlfield><controlfield tag="005">20161230201028</controlfield><controlfield tag="008">060222s1000------------r-----000-0-eng-d</controlfield><datafield ind1=" " ind2=" " tag="080"><subfield code="a">541.1</subfield></datafield><datafield ind1=" " ind2=" " tag="100"><subfield code="a">Abon,Michel</subfield></datafield><datafield ind1=" " ind2=" " tag="245"><subfield code="a">Utilisation de la microscopie a emission de champ dans l etude de la chimisorption des gaz par le molybdene.these</subfield></datafield><datafield ind1=" " ind2=" " tag="260"><subfield code="a">Lyon,Faculte Des Sciences, 1969 157p</subfield></datafield><datafield ind1=" " ind2=" " tag="852"><subfield code="a">34390</subfield></datafield></record></collection>